@inproceedings{eustes2007evolution,
  title={The evolution of automation in drilling},
  author={A. W., Eustes and others},
  booktitle={SPE Annual Technical Conference and Exhibition},
  year={2007},
  organization={Society of Petroleum Engineers}
}

@article{reinhart2016hybrid,
  title={Hybrid mechanical and data-driven modeling improves inverse kinematic control of a soft robot},
  author={Reinhart, Felix and Steil, Jochen J},
  journal={Procedia Technology},
  volume={26},
  year={2016}
}

@inproceedings{rolf2012constant,
  title={Constant curvature continuum kinematics as fast approximate model for the Bionic Handling Assistant},
  author={Rolf, Matthias and Steil, Jochen J},
  booktitle={2012 IEEE/RSJ International Conference on Intelligent Robots and Systems},
  pages={3440--3446},
  year={2012},
  organization={IEEE}
}

@inproceedings{queisser2014active,
  title={An active compliant control mode for interaction with a pneumatic soft robot},
  author={Quei{\ss}er, Jeffrey F and Neumann, Klaus and Rolf, Matthias and Reinhart, Ren{\'e} Felix and Steil, Jochen J},
  booktitle={2014 IEEE/RSJ International Conference on Intelligent Robots and Systems},
  pages={573--579},
  year={2014},
  organization={IEEE}
}



@inproceedings{wang2013visual,
  title={Visual servo control of cable-driven soft robotic manipulator},
  author={Wang, Hesheng and Chen, Weidong and Yu, Xiaojin and Deng, Tao and Wang, Xiaozhou and Pfeifer, Rolf},
  booktitle={2013 IEEE/RSJ International Conference on Intelligent Robots and Systems},
  pages={57--62},
  year={2013},
  organization={IEEE}
}





@article{hannan2003kinematics,
  title={Kinematics and the implementation of an elephant's trunk manipulator and other continuum style robots},
  author={Hannan, Michael W and Walker, Ian D},
  journal={Journal of robotic systems},
  volume={20},
  number={2},
  pages={45--63},
  year={2003},
  publisher={Wiley Online Library}
}

@article{cieslak1999elephant,
  title={Elephant trunk type elastic manipulator-a tool for bulk and liquid materials transportation},
  author={Cie{\'s}lak, Rados{\l}aw and Morecki, Adam},
  journal={Robotica},
  volume={17},
  number={1},
  pages={11--16},
  year={1999},
  publisher={Cambridge University Press}
}






@article{spong1996energy,
  title={Energy based control of a class of underactuated mechanical systems},
  author={Spong, Mark W},
  journal={IFAC Proceedings Volumes},
  volume={29},
  number={1},
  pages={2828--2832},
  year={1996},
  publisher={Elsevier}
}


@inproceedings{spong1994linear,
  author={M. W. {Spong}},
  booktitle={Proceedings of IEEE/RSJ International Conference on Intelligent Robots and Systems (IROS'94)}, 
  title={Partial feedback linearization of underactuated mechanical systems}, 
  year={1994},
  volume={1},
  number={},
  pages={314-321 vol.1},}






@article{xu2008sliding,
  title={Sliding mode control of a class of underactuated systems},
  author={Xu, Rong and {\"O}zg{\"u}ner, {\"U}mit},
  journal={Automatica},
  volume={44},
  number={1},
  pages={233--241},
  year={2008},
  publisher={Elsevier}
}

@article{fierro1999hybrid,
  title={Hybrid control for a class of underactuated mechanical systems},
  author={Fierro, Rafael and Lewis, Frank L and Lowe, Andy},
  journal={IEEE Transactions on Systems, Man, and Cybernetics-Part A: Systems and Humans},
  volume={29},
  number={6},
  pages={649--654},
  year={1999},
  publisher={IEEE}
}

@article{udawatta2003control,
  title={Control of underactuated robot manipulators using switching computed torque method: GA based approach},
  author={Udawatta, Lanka and Watanabe, Keigo and Izumi, Kiyotaka and Kiguchi, Kazuo},
  journal={Soft Computing},
  volume={8},
  number={1},
  pages={51--60},
  year={2003},
  publisher={Springer}
}

@article{udawatta2003controlfuzzy,
  title={Control of underactuated manipulators using fuzzy logic based switching controller},
  author={Udawatta, Lanka and Watanabe, Keigo and Izumi, Kiyotaka and Kiguchi, Kazuo},
  journal={Journal of Intelligent and Robotic Systems},
  volume={38},
  number={2},
  pages={155--173},
  year={2003},
  publisher={Springer}
}

@article{liu2013survey,
  title={A survey of underactuated mechanical systems},
  author={Liu, Yang and Yu, Hongnian},
  journal={IET Control Theory \& Applications},
  volume={7},
  number={7},
  pages={921--935},
  year={2013},
  publisher={IET}
}


@article{rus2015design,
  title={Design, fabrication and control of soft robots},
  author={Rus, Daniela and Tolley, Michael T},
  journal={Nature},
  volume={521},
  number={7553},
  pages={467--475},
  year={2015},
  publisher={Nature Publishing Group}
}


@article{marchese2014autonomous,
  title={Autonomous soft robotic fish capable of escape maneuvers using fluidic elastomer actuators},
  author={Marchese, Andrew D and Onal, Cagdas D and Rus, Daniela},
  journal={Soft Robotics},
  volume={1},
  number={1},
  pages={75--87},
  year={2014},
  publisher={Mary Ann Liebert, Inc. 140 Huguenot Street, 3rd Floor New Rochelle, NY 10801 USA}
}






@article{trivedi2008soft,
  title={Soft robotics: Biological inspiration, state of the art, and future research},
  author={Trivedi, Deepak and Rahn, Christopher D and Kier, William M and Walker, Ian D},
  journal={Applied bionics and biomechanics},
  volume={5},
  number={3},
  pages={99--117},
  year={2008},
  publisher={IOS Press}
}


@article{george2018control,
  title={Control strategies for soft robotic manipulators: A survey},
  author={George Thuruthel, Thomas and Ansari, Yasmin and Falotico, Egidio and Laschi, Cecilia},
  journal={Soft robotics},
  volume={5},
  number={2},
  pages={149--163},
  year={2018},
  publisher={Mary Ann Liebert, Inc. 140 Huguenot Street, 3rd Floor New Rochelle, NY 10801 USA}
}


@article{rolf2013efficient,
  title={Efficient exploratory learning of inverse kinematics on a bionic elephant trunk},
  author={Rolf, Matthias and Steil, Jochen J},
  journal={IEEE transactions on neural networks and learning systems},
  volume={25},
  number={6},
  pages={1147--1160},
  year={2013},
  publisher={IEEE}
}


@inproceedings{rolf2012goal,
    booktitle ={Proceedings of Humanoids 2012 Workshop on Developmental Robotics: Can developmental robotics yield human-like cognitive abilities?},
    title = {Goal Babbling: a New Concept for Early Sensorimotor Exploration},
    author = { Rolf, M., and J.J. Steil},
    year= {2012},
    month = {11},
    publisher = {IEEE},
    }
    
    
    
@article{reinhart2017hybrid,
  title={Hybrid analytical and data-driven modeling for feed-forward robot control},
  author={Reinhart, Ren{\'e} Felix and Shareef, Zeeshan and Steil, Jochen Jakob},
  journal={Sensors},
  volume={17},
  number={2},
  pages={311},
  year={2017},
  publisher={Multidisciplinary Digital Publishing Institute}
} 


@ARTICLE{mahl2014bhakin,
  author={T. {Mahl} and A. {Hildebrandt} and O. {Sawodny}},
  journal={IEEE Transactions on Robotics}, 
  title={A Variable Curvature Continuum Kinematics for Kinematic Control of the Bionic Handling Assistant}, 
  year={2014},
  volume={30},
  number={4},
  pages={935-949},}
  
  
  @book{michels2007fuzzy,
  title={Fuzzy control: fundamentals, stability and design of fuzzy controllers},
  author={Michels, Kai and Klawonn, Frank and Kruse, Rudolf and N{\"u}rnberger, Andreas},
  volume={200},
  year={2007},
  publisher={Springer}
}


@article{begovich2002takagi,
  title={Takagi-Sugeno fuzzy scheme for real-time trajectory tracking of an underactuated robot},
  author={Begovich, Ofelia and Sanchez, Edgar N and Maldonado, Marcos},
  journal={IEEE Transactions on Control Systems Technology},
  volume={10},
  number={1},
  pages={14--20},
  year={2002},
  publisher={IEEE}
}


@article{tao2008design,
  title={Design of a fuzzy controller with fuzzy swing-up and parallel distributed pole assignment schemes for an inverted pendulum and cart system},
  author={Tao, Chin-Wang and Taur, Jinshiuh S and Hsieh, Tzuen Wuu and Tsai, CL},
  journal={IEEE Transactions on Control Systems Technology},
  volume={16},
  number={6},
  pages={1277--1288},
  year={2008},
  publisher={IEEE}
}

@book{khalil2002nonlinear,
  title={Nonlinear systems},
  author={Khalil, Hassan K and Grizzle, Jessy W},
  volume={3},
  year={2002},
  publisher={Prentice hall Upper Saddle River, NJ}
}


@inproceedings{madani2006backstepping,
  title={Backstepping control for a quadrotor helicopter},
  author={Madani, Tarek and Benallegue, Abdelaziz},
  booktitle={2006 IEEE/RSJ International Conference on Intelligent Robots and Systems},
  pages={3255--3260},
  year={2006},
  organization={IEEE}
}


@article{della2020model,
  title={Model-based dynamic feedback control of a planar soft robot: Trajectory tracking and interaction with the environment},
  author={Della Santina, Cosimo and Katzschmann, Robert K and Bicchi, Antonio and Rus, Daniela},
  journal={The International Journal of Robotics Research},
  volume={39},
  number={4},
  pages={490--513},
  year={2020},
  publisher={SAGE Publications Sage UK: London, England}
}